@article{wired,
 author = {Nielsen, Jakob},
 title = {Clive Thompson on Analog Designs in the Digital Age},
 journal = {Wired},
 issue_date = {Feb. 2012},
 volume = {20},
 number = {2},
 month = Feb,
 year = {2012},
 issn = {0736-6906},
 url = {http://www.wired.com/magazine/2012/01/st_thompson_analog/},
 publisher = {Wired},
 address = {New York, NY, USA},
}

@article{ipod,
 author = {Manjoo, Farhad},
 title = {It Smelled Something Like Pizza},
 journal = {Slate},
 issue_date = {September 2012},
 month = Sep,
 year = {2012},
 url = {http://www.slate.com/articles/technology/design/2012/09/iphone_design_documents_from_the_samsung_trial_reveal_more_than_ever_about_apple_s_secretive_design_process_.html},
 publisher = {The Slate Group},
 address = {Washington, DC, USA},
} 

@ONLINE{Gessler,
author = {Gessler, Nicholas},
title = {Skeuomorphs and Cultural Algorithms},
url = {Nicholas Gessler}
}

@book{dui,
 author = {Shneiderman, Ben and Plaisant, Catherine and Cohen, Maxine and Jacobs, Steven},
 title = {Designing the User Interface: Strategies for Effective Human-Computer Interaction},
 year = {2009},
 isbn = {9780321537355},
 edition = {5th},
 publisher = {Addison-Wesley Publishing Company},
 address = {USA},
}

@inproceedings{ux-3d,
 author = {Schild, Jonas and LaViola, Joseph and Masuch, Maic},
 title = {Understanding user experience in stereoscopic 3D games},
 booktitle = {Proceedings of the SIGCHI Conference on Human Factors in Computing Systems},
 series = {CHI '12},
 year = {2012},
 isbn = {978-1-4503-1015-4},
 location = {Austin, Texas, USA},
 pages = {89--98},
 numpages = {10},
 url = {http://doi.acm.org/10.1145/2207676.2207690},
 doi = {10.1145/2207676.2207690},
 acmid = {2207690},
 publisher = {ACM},
 address = {New York, NY, USA},
 keywords = {game experience, games, genre, immersion, play, presence, s3d, simulator sickness., stereoscopy, user experience},
}

@inproceedings{iring,
 author = {Ogata, Masa and Sugiura, Yuta and Osawa, Hirotaka and Imai, Michita},
 title = {iRing: intelligent ring using infrared reflection},
 booktitle = {Proceedings of the 25th annual ACM symposium on User interface software and technology},
 series = {UIST '12},
 year = {2012},
 isbn = {978-1-4503-1580-7},
 location = {Cambridge, Massachusetts, USA},
 pages = {131--136},
 numpages = {6},
 url = {http://doi.acm.org/10.1145/2380116.2380135},
 doi = {10.1145/2380116.2380135},
 acmid = {2380135},
 publisher = {ACM},
 address = {New York, NY, USA},
 keywords = {finger gesture, multiple sensors, photo reflectivity, skin sensing, wearable computing},
}

@book{
 sgg,
 author = {Abraham Silberschatz and Peter Baer Galvin and Greg Gagne},
 title = {Operating System Concepts},
 edition = {7th},
 publisher = {John Wiley \& Sons},
 year = {2005}
}

@article{stackableThreads,
 author = {Keith Loepere},
 title = {Stackable thread mechanisms},
 journal = {SIGOPS Oper. Syst. Rev.},
 volume = {39},
 number = {4},
 year = {2005},
 issn = {0163-5980},
 pages = {4--17},
 doi = {http://doi.acm.org/10.1145/1088446.1088447},
 publisher = {ACM Press},
 address = {New York, NY, USA},
}

@inproceedings{contextFileSearch,
 author = {Craig A. N. Soules and Gregory R. Ganger},
 title = {Connections: using context to enhance file search},
 booktitle = {SOSP '05: Proceedings of the twentieth ACM symposium on Operating systems principles},
 year = {2005},
 isbn = {1-59593-079-5},
 pages = {119--132},
 location = {Brighton, United Kingdom},
 doi = {http://doi.acm.org/10.1145/1095810.1095822},
 publisher = {ACM Press},
 address = {New York, NY, USA},
}

@inproceedings{osHaskell,
 author = {Thomas Hallgren and Mark P. Jones and Rebekah Leslie and Andrew Tolmach},
 title = {A principled approach to operating system construction in {Haskell}},
 booktitle = {ICFP '05: Proceedings of the tenth ACM SIGPLAN international conference on Functional programming},
 year = {2005},
 isbn = {1-59593-064-7},
 pages = {116--128},
 location = {Tallinn, Estonia},
 doi = {http://doi.acm.org/10.1145/1086365.1086380},
 publisher = {ACM Press},
 address = {New York, NY, USA},
}

@inproceedings{hibernator,
 author = {Qingbo Zhu and Zhifeng Chen and Lin Tan and Yuanyuan Zhou and Kimberly Keeton and John Wilkes},
 title = {Hibernator: helping disk arrays sleep through the winter},
 booktitle = {SOSP '05: Proceedings of the twentieth ACM symposium on Operating systems principles},
 year = {2005},
 isbn = {1-59593-079-5},
 pages = {177--190},
 location = {Brighton, United Kingdom},
 doi = {http://doi.acm.org/10.1145/1095810.1095828},
 publisher = {ACM Press},
 address = {New York, NY, USA},
}

@inproceedings{asbestos,
 author = {Petros Efstathopoulos and Maxwell Krohn and Steve VanDeBogart and Cliff Frey and David Ziegler and Eddie Kohler and David Mazi\&\#232;res and Frans Kaashoek and Robert Morris},
 title = {Labels and event processes in the asbestos operating system},
 booktitle = {SOSP '05: Proceedings of the twentieth ACM symposium on Operating systems principles},
 year = {2005},
 isbn = {1-59593-079-5},
 pages = {17--30},
 location = {Brighton, United Kingdom},
 doi = {http://doi.acm.org/10.1145/1095810.1095813},
 publisher = {ACM Press},
 address = {New York, NY, USA},
}

@article{vigilante,
 author = {Manuel Costa and Jon Crowcroft and Miguel Castro and Antony Rowstron and Lidong Zhou and Lintao Zhang and Paul Barham},
 title = {Vigilante: end-to-end containment of internet worms},
 journal = {SIGOPS Oper. Syst. Rev.},
 volume = {39},
 number = {5},
 year = {2005},
 issn = {0163-5980},
 pages = {133--147},
 doi = {http://doi.acm.org/10.1145/1095809.1095824},
 publisher = {ACM Press},
 address = {New York, NY, USA},
}
 
@book{iokit,
 author = {Apple {Computer, Inc.}},
 title = {I/O Kit Fundamentals},
 publisher = {Apple Computer, Inc.},
 year = 2005,
 note = {\url{http://developer.apple.com/documentation/DeviceDrivers/Conceptual/IOKitFundamentals}}
}

@article{xpkernel,
 author = {Mark Russinovich and David Solomon},
 title = {Windows {XP}: Kernel Improvements Create a More Robust, Powerful, and Scalable {OS}},
 journal = {{MSDN} Magazine},
 volume = 16,
 number = 12,
 month = {December},
 year = 2001
}

@inbook{userModeLinux,
 author = {Steve Best},
 booktitle = {Linux Debugging and Performance Tuning: Tips and Techniques},
 title = {User-Mode Linux},
 chapter = 11,
 publisher = {Prentice Hall},
 year = 2005
}

@book{palmos,
 author = {Greg Wilson},
 title = {Exploring {Palm OS}: Memory, Databases, and Files},
 publisher = {PalmSource, Inc.},
 year = 2004
}